<?xml version="1.0" encoding="UTF-8"?><record xmlns="http://www.loc.gov/MARC21/slim" xmlns:cinclude="http://apache.org/cocoon/include/1.0" xmlns:zs="http://www.loc.gov/zing/srw/">
  <leader>00535nz  a2200133n  4500</leader>
  <controlfield tag="001">n 2005032834</controlfield>
  <controlfield tag="003">DLC</controlfield>
  <controlfield tag="005">20050504125033.0</controlfield>
  <controlfield tag="008">050504n| acannaabn          |a aaa      </controlfield>
  <datafield tag="010" ind1=" " ind2=" ">
    <subfield code="a">n 2005032834</subfield>
  </datafield>
  <datafield tag="040" ind1=" " ind2=" ">
    <subfield code="a">DLC</subfield>
    <subfield code="b">eng</subfield>
    <subfield code="c">DLC</subfield>
  </datafield>
  <datafield tag="100" ind1="1" ind2=" ">
    <subfield code="a">Grinev, A. V.</subfield>
    <subfield code="q">(Andreĭ Valʹterovich).</subfield>
    <subfield code="t">Indeĭt︠s︡y tlinkity v period Russkoĭ Ameriki, 1741-1867 gg.</subfield>
    <subfield code="l">English</subfield>
  </datafield>
  <datafield tag="400" ind1="1" ind2=" ">
    <subfield code="a">Grinev, A. V.</subfield>
    <subfield code="q">(Andreĭ Valʹterovich).</subfield>
    <subfield code="t">Tlingit Indians in Russian America, 1741-1867</subfield>
  </datafield>
  <datafield tag="670" ind1=" " ind2=" ">
    <subfield code="a">Grinev, A. V. The Tlingit Indians in Russian America, 1741-1867, c2005.</subfield>
  </datafield>
</record>